@book{SH12,
 author = {Y. Sun and J. Han},
 title = {{Mining Heterogeneous Information Networks: Principles and Methodologies}},
 year = {2012},
 publisher = {Morgan \& Claypool Publishers}
}

@inproceedings{KK01,
 author = {M. Kuramochi and G. Karypis},
 title = {{Frequent Subgraph Discovery}},
 booktitle = {ICDM},
 year = {2001}
}

@inproceedings{SJKFMR14,
  author    = {M. Saltz and A. Jain and A. Kothari and A. Fard and J. A. Miller and L. Ramaswamy},
  title     = {{DualIso: An Algorithm for Subgraph Pattern Matching on Very Large Labeled Graphs}},
  BOOKtitle     = {{IEEE} Int. Congress on Big Data},
  year      = {2014}
}

@inproceedings{BN08,
  author = {B. Bringmann and S. Nijssen},
  title = {{What is Frequent in a Single Graph?}},
  booktitle = {PAKDD},
  year = {2008}
}

@inproceedings{FB07,
 author = {M. Fiedler and C. Borgelt},
 title = {{Support Computation for Mining Frequent Subgraphs in a Single Graph}},
 booktitle = {MLG},
 year = {2007}
}

@inproceedings{KK04,
 author = {M. Kuramochi and G. Karypis},
 title = {{Finding Frequent Patterns in a Large Sparse Graph}},
 booktitle = {SDM},
 year = {2004}
}

@article{LFSW14,
  author    = {E. A. Lee and S. Fung and H. Sze{-}To and A. K. C. Wong},
  title     = {{Discovering Co-occurring Patterns and Their Biological Significance in Protein Families}},
  journal   = {{BMC} Bioinformatics},
  volume    = {15},
  number    = {{S-12}},
  pages     = {S2},
  year      = {2014}
}



@ARTICLE{WHH14,
AUTHOR={R. J. Williams and A. Howe and K. S. Hofmockel},
TITLE={{Demonstrating Microbial Co-occurrence Pattern Analyses within and between Ecosystems}},
JOURNAL={Frontiers in Microbiology},
VOLUME={5},
PAGES={358},
YEAR={2014}
}

@ARTICLE{BBCF12,
AUTHOR={A. Barberan and S. T. Bates and E. O. Casamayor and N. Fierer},
TITLE={{Using Network Analysis to Explore Co-occurrence Patterns in Soil Microbial Communities}},
JOURNAL={The ISME Journal},
VOLUME={6},
NUMBER={2},
PAGES={343--351},
YEAR={2012}
}

@article{NK05,
  author    = {S. Nijssen and J. N. Kok},
  title     = {{The Gaston Tool for Frequent Subgraph Mining}},
  journal   = {Electr. Notes Theor. Comput. Sci.},
  volume    = {127},
  number    = {1},
  pages     = {77--87},
  year      = {2005}
}

@inproceedings{YCHY08,
 author = {X. Yan and H. Cheng and J. Han and P. S. Yu},
 title = {{Mining Significant Graph Patterns by Leap Search}},
 booktitle = {SIGMOD},
 year = {2008}
}


@inproceedings{CLZWY09,
 author = {H. Cheng and D. Lo and Y. Zhou and X. Wang and X. Yan},
 title = {{Identifying Bug Signatures Using Discriminative Graph Mining}},
 booktitle = {ISSTA},
 year = {2009}
}

@inproceedings{LAW11,
  author    = {C. Li and C. Aggarwal and J. Wang},
  title     = {{On Anonymization of Multi-graphs}},
  booktitle = {SDM},
  year      = {2011}
}

@article{ATK15,
  author    = {L. Akoglu and H. Tong and D. Koutra},
  title     = {{Graph Based Anomaly Detection and Description: A Survey}},
  journal   = {Data Min. Knowl. Discov.},
  volume    = {29},
  number    = {3},
  pages     = {626--688},
  year      = {2015}
}

@inproceedings{HWPY04,
 author = {J. Huan and W. Wang and J. Prins and J. Yang},
 title = {{SPIN: Mining Maximal Frequent Subgraphs from Graph Databases}},
 booktitle = {KDD},
 year = {2004}
}

@inproceedings{RS09,
  author    = {S. Ranu and A. Singh},
  title     = {{GraphSig: A Scalable Approach to Mining Significant Subgraphs in Large Graph Databases}},
  booktitle = {ICDE},
  year      = {2009}
}

@incollection{KR17,
  author      = {A. Khan and S. Ranu},
  title       = {{Big-Graphs: Querying, Mining, and Beyond}},
  editor      = {S. Sakr and A. Zomaya},
  booktitle   = {Springer Handbook of Big Data Technologies},
  year = {2017},
  publisher   = {Springer}
}

@article{CHSBZ08,
  author    = {V. Chaoji and M. A. Hasan and S. Salem and J. Besson and M. J. Zaki},
  title     = {{ORIGAMI: A Novel and Effective Approach for Mining Representative Orthogonal Graph Patterns}},
  journal   = {Statistical Analysis and Data Mining},
  volume    = {1},
  number    = {2},
  pages     = {67--84},
  year      = {2008}
}

@book{AW10,
 author = {C. Aggarwal and H. Wang},
 title = {{Managing and Mining Graph Data}},
 year = {2010},
 publisher = {Springer Publishing Company, Incorporated},
}

@inproceedings{WMFP05,
  author    = {M. Worlein and T. Meinl and I. Fischer and M. Philippsen},
  title     = {{A Quantitative Comparison of the Subgraph Miners MoFa, gSpan, FFSM, and Gaston}},
  booktitle = {PKDD},
  year      = {2005}
}

@article{HCXY07,
  author    = {J. Han and H. Cheng and D. Xin and X. Yan},
  title     = {{Frequent Pattern Mining: Current Status and Future Directions}},
  journal   = {Data Min. Knowl. Discov.},
  volume    = {15},
  number    = {1},
  pages     = {55--86},
  year      = {2007}
}

@inproceedings{HLL13,
 author = {W.-S. Han and J. Lee and J.-H. Lee},
 title = {{Turboiso: Towards Ultrafast and Robust Subgraph Isomorphism Search in Large Graph Databases}},
 booktitle = {SIGMOD},
 year = {2013}
}

@article {KKO09,
author = {R. Koike and A. Kidera and M. Ota},
title = {{Alteration of Oligomeric State and Domain Architecture is Essential for Functional Transformation between Transferase and
Hydrolase with the Same Scaffold}},
journal = {Protein Science},
volume = {18},
number = {10},
pages = {2060--2066},
year = {2009}
}


@article {KAOK08,
	Title = {{Protein Structural Change upon Ligand Binding Correlates with Enzymatic Reaction Mechanism}},
	Author = {R. Koike and T. Amemiya and M. Ota and A. Kidera},
	Number = {3},
	Volume = {379},
	Year = {2008},
	Journal = {Journal of molecular biology},
	Pages = {397--401}
}

@article{CFSV04,
  author    = {L. P. Cordella and P. Foggia and C. Sansone and M. Vento},
  title     = {{A (Sub)Graph Isomorphism Algorithm for Matching Large Graphs}},
  journal   = {{IEEE} Trans. Pattern Anal. Mach. Intell.},
  volume    = {26},
  number    = {10},
  pages     = {1367--1372},
  year      = {2004}
}

@inproceedings{EASK14,
  author    = {M. Elseidy and E. Abdelhamid and S. Skiadopoulos and P. Kalnis},
  title     = {{GRAMI: Frequent Subgraph and Pattern Mining in a Single Large Graph}},
  BOOKTITLE   = {VLDB},
  year      = {2014}
}

@inproceedings{ZYL09,
  author    = {S. Zhang and J. Yang and S. Li},
  title     = {{RING: An Integrated Method for Frequent Representative Subgraph Mining}},
  booktitle = {ICDM},
  year      = {2009}
}



@inproceedings{YH03,
 author = {X. Yan and J. Han},
 title = {{CloseGraph: Mining Closed Frequent Graph Patterns}},
 booktitle = {KDD},
 year = {2003}
}

@article{DKWK05,
 author = {M. Deshpande and M. Kuramochi and N. Wale and G. Karypis},
 title = {{Frequent Substructure-Based Approaches for Classifying Chemical Compounds}},
 journal = {IEEE Trans. on Knowl. and Data Eng.},
 volume = {17},
 number = {8},
 year = {2005},
 pages = {1036--1050}
}



@article{DI11,
  author    = {J. Dutkowski and T. Ideker},
  title     = {{Protein Networks as Logic Functions in Development and Cancer}},
  journal   = {PLoS Comput. Biol.},
  volume    = {7},
  number    = {09},
  year      = {2011}
}

@inproceedings{KYW10,
 author = {A. Khan and X. Yan and K.-L. Wu},
 title = {{Towards Proximity Pattern Mining in Large Graphs}},
 booktitle = {SIGMOD},
 year = {2010}
}


@inproceedings{YH02,
 author = {X. Yan and J. Han},
 title = {{gSpan: Graph-Based Substructure Pattern Mining}},
 booktitle = {ICDM},
 year = {2002}
}

@inproceedings{JYW10,
 author = {N. Jin and C. Young and W. Wang},
 title = {{GAIA: Graph Classification Using Evolutionary Computation}},
 booktitle = {SIGMOD},
 Year = {2010}
}

@inproceedings{TCG09,
  author = {M. Thoma and H. Cheng and A. Gretton and J. Han and H.-P. Kriegel and A. J. Smola and L. Song and P. S. Yu and X. Yan and K. M. Borgwardt},
  booktitle = {SDM},
  Title = {{Near-optimal Supervised Feature Selection among Frequent Subgraphs}},
  year = 2009
}

@inproceedings{RHS13,
 author = {S. Ranu and M. Hoang and A. Singh},
 title = {{Mining Discriminative Subgraphs from Global-state Networks}},
 booktitle = {KDD},
 year = {2013}
}
